@conference{icpram18,
  author={{T. Kumarage, N. De Silva, M. Ranawaka, C. Kuruppu and S. Ranathunga}},
  title={{Anomaly Detection in Industrial Software Systems - Using Variational Autoencoders}},
  booktitle={{Proceedings of the 7th International Conference on Pattern Recognition Applications and Methods - Volume 1: ICPRAM,}},
  year={2018},
  pages={440-447},
  publisher={{SciTePress}},
  organization={{INSTICC}},
  doi={10.5220/0006600304400447},
  isbn={978-989-758-276-9},
}

@INPROCEEDINGS{8818750,
  author={{T. Kumarage, S. Ranathunga, C. Kuruppu, N. De Silva and M. Ranawaka}},
  booktitle={{2019 Moratuwa Engineering Research Conference (MERCon)}},
  title={{Generative Adversarial Networks (GAN) based Anomaly Detection in Industrial Software Systems}},
  year={2019},
  volume={},
  number={},
  pages={43-48},
  doi={10.1109/MERCon.2019.8818750}
}
